@article{Hernandez2019Mar,
	author = {Hern{\ifmmode\acute{a}\else\'{a}\fi}ndez, Mar{\ifmmode\acute{\imath}\else\'{\i}\fi}a},
	title = {{Connectivity Now and Beyond; exploring Cat-M1, NB-IoT, and LPWAN Connections}},
	journal = {Ubidots Blog},
	year = {2019},
	month = {Mar},
	publisher = {Ubidots Blog},
	url = {https://ubidots.com/blog/exploring-cat-m1-nb-iot-lpwan-connections}
}

@misc{thethingsnetwork,
	title = {{The Things Network}},
	year = {2019},
	note = {[Online; accessed 7. Aug. 2019]},
	url = {https://www.thethingsnetwork.org}
}

@ONLINE{LorawanSpecification,
	author ={LoRa Alliance},
	title = {LoraWAN Specification},
	url = {https://lora-alliance.org/resource-hub/lorawanr-specification-v103},
	urldate = {2019-08-30}
}


@ONLINE{lowcostloragateway,
	author ={ Pham},
	title = {Low Cost LoRa Gateway},
	journal = {GitHub},
	url = {https://github.com/CongducPham/LowCostLoRaGw},
	urldate = {2019-08-30}
}

@misc{lorasite,
	title = {{All About LoRa and LoRaWAN}},
	year = {2019},
	month = {Aug},
	note = {[Online; accessed 10. Sep. 2019]},
	url = {https://www.sghoslya.com}
}

@misc{loraaliance,
	title = {{LoRaWAN{\ifmmode\circledR\else\textregistered\fi} for Developers {$\vert$} LoRa Alliance{\texttrademark}}},
	note = {[Online; accessed 10. Sep. 2019]},
	url = {https://lora-alliance.org/lorawan-for-developers}
}

@online{lorasemtech,
  	author = {Semtech},
	title = {Semtech LoRa Technology Overview},
	url = {https://www.semtech.com/lora},
	urldate = {2019-09-01}
}